% Example bibliography entry in BibTeX format

@article{articleExample,
  author  = {Peter Adams}, 
  title   = {The title of the work},
  journal = {The name of the journal},
  year    = 1993,
  number  = 2,
  pages   = {201-213},
  month   = 7,
  note    = {An optional note}, 
  volume  = 4
}

@article{zhang2013data,
  title={Data Stream Clustering with Affinity Propagation},
  author={Zhang, Xiangliang and Furtlehner, Cyril and Germain-Renaud, C{\'e}cile and Sebag, Michele},
  year={2013},
  publisher={IEEE}
}
